@inproceedings{green2019interdisciplinary,
  title={Interdisciplinary Research as Musical Experimentation: A case study in musicianly approaches to sound corpora},
  author={Green, Owen and Tremblay, Pierre Alexandre and Roma, Gerard},
  booktitle={Electroacoustic Music Studies Network Conference: Electroacoustic Music: Is it Still a Form of Experimental Music?},
  year={2019},
  organization={Zenodo}
}